
@book{zobel_writing_2015,
	title = {Writing for {Computer} {Science}},
	copyright = {Book},
	isbn = {978-1-4471-6639-9},
	language = {en},
	publisher = {Springer},
	author = {Zobel, Justin},
	month = feb,
	year = {2015}
}

@book{wazlawick_metodologia_2017,
	title = {Metodologia de {Pesquisa} para {Ciência} da {Computação}},
	copyright = {Book},
	isbn = {978-85-352-7783-8},
	language = {pt-BR},
	publisher = {Elsevier Brasil},
	author = {Wazlawick, Raul},
	month = oct,
	year = {2017}
}

@misc{inteligencia_artificial_e_avanco_bbc,
  author       = {Tom Gerken},
  howpublished = {\url{https://www.bbc.com/portuguese/articles/cqqz6w6nzr1o}},
  title        = {Inteligência artificial é avanço mais importante da tecnologia em décadas, diz Bill Gates},
  year         = {2023},
  note 		   = {Acessado: 2023-03-26}
}

@misc{poligonos_de_thiessen_ou_voronoi,
  author       = {Polígonos},
  howpublished = {\url{https://www.bbc.com/portuguese/articles/cqqz6w6nzr1o}},
  title        = {Polígonos de Thiessen ou Voronoi- Como gerar e para que utilizá-los},
  year         = {2023},
  note 		   = {Acessado: 2023-03-26}
}

@mastersthesis{diagrama_de_voronoi:_uma_exploracao_nas_distancias_euclidiana_e_do_taxi,
  author  = {Paula Roberta Scaburi dos Santos},
  school  = {Universidade Tecnológica Federal do Paraná - UTFPR},
  title   = {Diagrama de voronoi: Uma Exploracão nas Distâncias Euclidiana e do Táxi},
  year    = {2016}
}


@misc{quanto_games_vao_movimentar,
  author       = {Wesley Santana},
  howpublished = {\url{https://www.infomoney.com.br/negocios/games-movimentar-r-1-tri-em-2023-empresas-de-olho/}},
  title        = {Games vão movimentar R\$ 1 tri em 2023 e empresas estão de olho nisso},
  year         = {2022},
  note       = {Acessado: 2023-03-15}
}

@misc{numero_de_jogos_publicados_na_steam,
  author       = {J. Clement},
  howpublished = {\url{https://www.statista.com/statistics/552623/number-games-released-steam/}},
  title        = {Number of games released on Steam worldwide from 2004 to 2022},
  year         = {2023},
  note       = {Acessado: 2023-03-14}
}

@misc{pesquisa_games_brasil,
  author       = {Raphael Giannotti},
  howpublished = {\url{https://www.adrenaline.com.br/games/pesquisa-game-brasil-2022-mostra-que-745-dos-brasileiros-jogam-games-regularmente/}},
  title        = {Pesquisa Game Brasil 2022 mostra que 74,5% dos brasileiros jogam games regularmente},
  year         = {2022},
  note       = {Acessado: 2023-03-12}
}

@misc{gtaV_quanto_custou,
  author       = {Felix Richter},
  howpublished = {\url{https://www.statista.com/chart/1466/most-expensive-video-games-of-all-time/#:~:text=With%20an%20estimated%20production%20budget,video%20game%20of%20all%20time.}},
  title        = {GTA V is the Most Expensive Video Game Ever Produced},
  year         = {2013},
  note       = {Acessado: 2023-03-20}
}

@mastersthesis{geracao_procedural_conteudo,
  author  = {Wendell Oliveira de Araújo},
  school  = { Universidade Federal do Rio Grande do Norte},
  title   = {Geração procedural de conteúdo para criação de fases de jogos educativos},
  year    = {2018}
}
